@book{ExemploLivro,
    author = "Autor Sobrenome",
    title = "Título do Livro",
    publisher = "Editora",
    year = "Ano de Publicação",
    address = "Local de Publicação (opcional)",
    edition = "Edição (opcional)"
}

@book{ExemploLivro,
    author = "Autor Sobrenome",
    title = "Título do Livro",
    publisher = "Editora",
    year = "Ano de Publicação",
    address = "Local de Publicação (opcional)",
    edition = "Edição (opcional)"
}

@book{ExemploLivro,
    author = "Autor Sobrenome",
    title = "Título do Livro",
    publisher = "Editora",
    year = "Ano de Publicação",
    address = "Local de Publicação (opcional)",
    edition = "Edição (opcional)"
}